<?xml version="1.0" encoding="UTF-8"?><record xmlns="http://www.loc.gov/MARC21/slim" xmlns:cinclude="http://apache.org/cocoon/include/1.0" xmlns:zs="http://www.loc.gov/zing/srw/">
  <leader>00335nz  a2200121n  4500</leader>
  <controlfield tag="001">n  91083994 </controlfield>
  <controlfield tag="003">DLC</controlfield>
  <controlfield tag="005">19910821080305.4</controlfield>
  <controlfield tag="008">910821n| acannaab|          |n ana |||  </controlfield>
  <datafield tag="010" ind1=" " ind2=" ">
    <subfield code="a">n  91083994 </subfield>
  </datafield>
  <datafield tag="040" ind1=" " ind2=" ">
    <subfield code="a">DLC</subfield>
    <subfield code="c">DLC</subfield>
  </datafield>
  <datafield tag="130" ind1=" " ind2="0">
    <subfield code="a">Brain (Television program)</subfield>
  </datafield>
  <datafield tag="670" ind1=" " ind2=" ">
    <subfield code="a">Data from CINE for Development [VR] 1988</subfield>
    <subfield code="b">(The Brain; television series)</subfield>
  </datafield>
</record>